<collection xmlns="http://www.loc.gov/MARC21/slim">
<record>
  <leader>01157nam0a2200253 i 450 </leader>
  <controlfield tag="001">IT\ICCU\CNCE\061788</controlfield>
  <controlfield tag="005">20130509000000.0</controlfield>
  <datafield tag="012" ind1=" " ind2=" ">
    <subfield code="a">rai: mii: rai: toi: (C) 1520 (Q)</subfield>
    <subfield code="2">fei</subfield>
  </datafield>
  <datafield tag="100" ind1=" " ind2=" ">
    <subfield code="a">20051010f1520        0itac0103    ba</subfield>
  </datafield>
  <datafield tag="101" ind1=" " ind2=" ">
    <subfield code="a">ITA</subfield>
  </datafield>
  <datafield tag="102" ind1=" " ind2=" ">
    <subfield code="a">IT</subfield>
  </datafield>
  <datafield tag="200" ind1="1" ind2=" ">
    <subfield code="a">Tre sestine di Notturno Neapolitano noue amorose, sotto specie di velame fabricate</subfield>
  </datafield>
  <datafield tag="210" ind1=" " ind2=" ">
    <subfield code="d">\circa 1520!</subfield>
  </datafield>
  <datafield tag="215" ind1=" " ind2=" ">
    <subfield code="a">\4! c.</subfield>
    <subfield code="d">8ʻ</subfield>
  </datafield>
  <datafield tag="300" ind1=" " ind2=" ">
    <subfield code="a">Stampata a Perugia da Cosimo Bianchini; per il tipografo e la data cfr.: A. Zampieri, Il Notturno Napolitano, in &quot;La bibliofilia&quot;, 78 (1976), n. 1, p. 173</subfield>
  </datafield>
  <datafield tag="620" ind1=" " ind2=" ">
    <subfield code="a">IT</subfield>
    <subfield code="d">Perugia</subfield>
  </datafield>
  <datafield tag="700" ind1=" " ind2="0">
    <subfield code="a">Notturno Napoletano</subfield>
    <subfield code="3">IT\ICCU\CNCA\006825</subfield>
  </datafield>
  <datafield tag="712" ind1="0" ind2="0">
    <subfield code="a">Bianchini, Cosimo</subfield>
    <subfield code="3">IT\ICCU\CNCT\000182</subfield>
    <subfield code="4">650</subfield>
  </datafield>
  <datafield tag="790" ind1=" " ind2="0">
    <subfield code="a">Syrena nocturna neapolitana</subfield>
    <subfield code="3">IT\ICCU\CNCA\019981</subfield>
    <subfield code="z">Notturno Napoletano</subfield>
  </datafield>
  <datafield tag="791" ind1="0" ind2="2">
    <subfield code="a">℗al segno del ℗Leone</subfield>
    <subfield code="c"> &lt;Perugia</subfield>
    <subfield code="c"> ; 1513-1544&gt;</subfield>
    <subfield code="3">IT\ICCU\CNCT\002416</subfield>
    <subfield code="z">Bianchini, Cosimo</subfield>
  </datafield>
  <datafield tag="791" ind1="0" ind2="2">
    <subfield code="a">Cosimo di Bernardo</subfield>
    <subfield code="3">IT\ICCU\CNCT\003637</subfield>
    <subfield code="z">Bianchini, Cosimo</subfield>
  </datafield>
  <datafield tag="791" ind1="0" ind2="0">
    <subfield code="a">Blanchinus, Cosmus</subfield>
    <subfield code="3">IT\ICCU\CNCT\004371</subfield>
    <subfield code="z">Bianchini, Cosimo</subfield>
  </datafield>
  <datafield tag="801" ind1=" " ind2="3">
    <subfield code="a">IT</subfield>
    <subfield code="b">ICCU</subfield>
    <subfield code="c">20201115</subfield>
  </datafield>
  <datafield tag="899" ind1=" " ind2=" ">
    <subfield code="a">Biblioteca comunale di studi sardi. Cagliari</subfield>
    <subfield code="1">CA0010</subfield>
    <subfield code="2">CAG SS</subfield>
  </datafield>
</record>
</collection>
